<?xml version="1.0" encoding="UTF-8"?><collection xmlns="http://www.loc.gov/MARC21/slim"><record><leader>00342nam--2200133-i-4500</leader><controlfield tag="001">000039315</controlfield><controlfield tag="002">20161230</controlfield><controlfield tag="005">20161230201042</controlfield><controlfield tag="008">060222s1000------------r-----000-0-eng-d</controlfield><datafield ind1=" " ind2=" " tag="080"><subfield code="a">541.64</subfield></datafield><datafield ind1=" " ind2=" " tag="100"><subfield code="a">Rodriguez,Ferdinand</subfield></datafield><datafield ind1=" " ind2=" " tag="245"><subfield code="a">Principles of polymer systems</subfield></datafield><datafield ind1=" " ind2=" " tag="260"><subfield code="a">New York, Mcgraw-hill Book Comp.,1970. Xi + 560 P</subfield></datafield><datafield ind1=" " ind2=" " tag="852"><subfield code="a">34598</subfield></datafield></record></collection>